<?xml version="1.0" encoding="UTF-8"?>
<record xmlns="http://www.loc.gov/MARC21/slim" xmlns:zs="http://docs.oasis-open.org/ns/search-ws/sruResponse">
 <leader>
  04959cpcaa22006377a 4500
 </leader>
 <controlfield tag="001">
  20290368
 </controlfield>
 <controlfield tag="005">
  20190702072644.0
 </controlfield>
 <controlfield tag="008">
  180119i19722002xxu                 eng
 </controlfield>
 <datafield ind1=" " ind2=" " tag="906">
  <subfield code="a">
   7
  </subfield>
  <subfield code="b">
   cbc
  </subfield>
  <subfield code="c">
   orignew
  </subfield>
  <subfield code="d">
   u
  </subfield>
  <subfield code="e">
   ncip
  </subfield>
  <subfield code="f">
   20
  </subfield>
  <subfield code="g">
   y-folklife
  </subfield>
 </datafield>
 <datafield ind1=" " ind2=" " tag="955">
  <subfield code="a">
   hh15 2018-01-19 gift per MOR from Todd Harvey, AFC
  </subfield>
  <subfield code="a">
   mkru 2018-05-30 rec'd in AFC
  </subfield>
  <subfield code="a">
   kere 2019-05-28
  </subfield>
  <subfield code="a">
   kere 2019-06-03
  </subfield>
  <subfield code="a">
   ahoo 2019-07-02
  </subfield>
 </datafield>
 <datafield ind1=" " ind2=" " tag="010">
  <subfield code="a">
   2018655328
  </subfield>
 </datafield>
 <datafield ind1=" " ind2=" " tag="040">
  <subfield code="a">
   DLC
  </subfield>
  <subfield code="b">
   eng
  </subfield>
  <subfield code="e">
   dacs
  </subfield>
  <subfield code="c">
   DLC
  </subfield>
 </datafield>
 <datafield ind1=" " ind2=" " tag="043">
  <subfield code="a">
   n-us---
  </subfield>
 </datafield>
 <datafield ind1=" " ind2=" " tag="090">
  <subfield code="a">
   AFC 2018/013
  </subfield>
 </datafield>
 <datafield ind1="0" ind2="0" tag="245">
  <subfield code="a">
   Maggie Holtzberg collection,
  </subfield>
  <subfield code="f">
   1972-2002,
  </subfield>
  <subfield code="g">
   (bulk 1983-1992).
  </subfield>
 </datafield>
 <datafield ind1=" " ind2=" " tag="300">
  <subfield code="a">
   1100
  </subfield>
  <subfield code="f">
   items ;
  </subfield>
  <subfield code="a">
   3
  </subfield>
  <subfield code="f">
   boxes.
  </subfield>
 </datafield>
 <datafield ind1=" " ind2=" " tag="300">
  <subfield code="3">
   sound recordings
  </subfield>
  <subfield code="a">
   21 sound cassettes :
  </subfield>
  <subfield code="b">
   analog.
  </subfield>
 </datafield>
 <datafield ind1=" " ind2=" " tag="300">
  <subfield code="3">
   graphic images
  </subfield>
  <subfield code="a">
   31 slides :
  </subfield>
  <subfield code="b">
   color ;
  </subfield>
  <subfield code="c">
   35 mm
  </subfield>
 </datafield>
 <datafield ind1=" " ind2=" " tag="300">
  <subfield code="3">
   graphic images
  </subfield>
  <subfield code="a">
   108 photographic prints and negatives :
  </subfield>
  <subfield code="b">
   black and white, color ;
  </subfield>
  <subfield code="c">
   various sizes.
  </subfield>
 </datafield>
 <datafield ind1=" " ind2=" " tag="300">
  <subfield code="3">
   manuscripts
  </subfield>
  <subfield code="a">
   1.2
  </subfield>
  <subfield code="f">
   linear feet.
  </subfield>
 </datafield>
 <datafield ind1=" " ind2=" " tag="300">
  <subfield code="a">
   16 computer files (word perfect and .tif) on 1 floppy disk ;
  </subfield>
  <subfield code="c">
   5.25 in.
  </subfield>
 </datafield>
 <datafield ind1="2" ind2=" " tag="520">
  <subfield code="a">
   The Maggie Holtzberg collection documents, through interviews and photographs, the occupational folklife and craft of hot metal typesetters, compositors, and printers.  Holtzberg interviewed skilled craftsmen and women who experienced the disruptive technology and transition in the printing industry from mechanical typesetting, "hot metal," to computer-aided photocomposition or "cold type."  She interviewed retired printers residing at the Union Printers Home in Colorado Springs, Colorado, and craft printers at Heritage Printers in Charlotte, North Carolina, among others. Interviews were conducted between 1983-1988.  The collection includes the production files for Holtzberg's book, The Lost World of the Craft Printer (University of Illinois Press, 1992); correspondence with folklorists Archie Green and Judith McCulloh, and notes from meetings with Holtzberg's dissertation advisors at the University of Pennsylvania -- Henry Glassie, Ray Birdwhistle, and with Ken Goldstein, whom she interviewed about his experience in the printing industry. The collection also includes two journals written while Maggie Holtzberg was a student from 1972-1973 at the Trailside Country School, based in Killington, Vermont.  The Trailside Country School was a traveling high school run by Michael Cohen and Diana Cohen that taught cultural documentation. The notebooks include diary entries, song lyrics, music transcription, and ephemera from locations throughout the United States where the students traveled. Photographs include the 46 illustrations for Holtzberg's book, 31 slides, plus snapshots from Holtzberg's fieldwork with printers and a few from the Trailside Country School.  A few of the interviews with printers were conducted by folklorist Jan Rosenberg.
  </subfield>
 </datafield>
 <datafield ind1=" " ind2=" " tag="524">
  <subfield code="a">
   Maggie Holtzberg collection (AFC 2018/013) Archive of Folk Culture, American Folklife Center, Library of Congress, Washington, D.C.
  </subfield>
 </datafield>
 <datafield ind1="1" ind2=" " tag="506">
  <subfield code="a">
   Collection is in process. Access may be restricted. To request materials, please contact the Folklife Reading Room at
  </subfield>
  <subfield code="u">
   http://hdl.loc.gov/loc.afc/folklife.contact
  </subfield>
 </datafield>
 <datafield ind1=" " ind2=" " tag="540">
  <subfield code="a">
   Duplication of collection materials may be governed by copyright and other restrictions.
  </subfield>
 </datafield>
 <datafield ind1=" " ind2=" " tag="541">
  <subfield code="a">
   Maggie Holtzberg;
  </subfield>
  <subfield code="c">
   Donation;
  </subfield>
  <subfield code="d">
   2018.
  </subfield>
 </datafield>
 <datafield ind1=" " ind2=" " tag="546">
  <subfield code="a">
   In English.
  </subfield>
 </datafield>
 <datafield ind1="0" ind2=" " tag="555">
  <subfield code="a">
   Finding aid is available online
  </subfield>
  <subfield code="u">
   http://hdl.loc.gov/loc.afc/eadafc.af019004
  </subfield>
 </datafield>
 <datafield ind1=" " ind2=" " tag="581">
  <subfield code="a">
   Holtzberg-Call, Maggie. The Lost World of the Craft Printer (Urbana and Chicago: University of Illinois Press, 1992).
  </subfield>
 </datafield>
 <datafield ind1="1" ind2="0" tag="600">
  <subfield code="a">
   Holtzberg, Maggie,
  </subfield>
  <subfield code="d">
   1955-
  </subfield>
 </datafield>
 <datafield ind1="1" ind2="0" tag="600">
  <subfield code="a">
   Green, Archie
  </subfield>
  <subfield code="v">
   Correspondence.
  </subfield>
 </datafield>
 <datafield ind1="1" ind2="0" tag="600">
  <subfield code="a">
   McCulloh, Judith,
  </subfield>
  <subfield code="d">
   1935-2014
  </subfield>
  <subfield code="v">
   Correspondence.
  </subfield>
 </datafield>
 <datafield ind1="1" ind2="0" tag="600">
  <subfield code="a">
   Goldstein, Kenneth S.,
  </subfield>
  <subfield code="d">
   1927-1995
  </subfield>
  <subfield code="v">
   Interviews.
  </subfield>
 </datafield>
 <datafield ind1="1" ind2="0" tag="600">
  <subfield code="a">
   Schlesinger, Carl.
  </subfield>
 </datafield>
 <datafield ind1="2" ind2="0" tag="610">
  <subfield code="a">
   Trailside Country School.
  </subfield>
 </datafield>
 <datafield ind1="2" ind2="0" tag="610">
  <subfield code="a">
   Union Printers Home.
  </subfield>
 </datafield>
 <datafield ind1=" " ind2="0" tag="650">
  <subfield code="a">
   Printing industry
  </subfield>
  <subfield code="x">
   Social aspects
  </subfield>
  <subfield code="z">
   United States.
  </subfield>
 </datafield>
 <datafield ind1=" " ind2="0" tag="650">
  <subfield code="a">
   Printers
  </subfield>
  <subfield code="z">
   United States
  </subfield>
  <subfield code="x">
   Folklore.
  </subfield>
 </datafield>
 <datafield ind1=" " ind2="0" tag="650">
  <subfield code="a">
   Printers
  </subfield>
  <subfield code="z">
   United States
  </subfield>
  <subfield code="v">
   Interviews.
  </subfield>
 </datafield>
 <datafield ind1=" " ind2="0" tag="650">
  <subfield code="a">
   Printing industry
  </subfield>
  <subfield code="x">
   Employees
  </subfield>
  <subfield code="x">
   Effect of technological innovations on.
  </subfield>
 </datafield>
 <datafield ind1=" " ind2="0" tag="650">
  <subfield code="a">
   High school students
  </subfield>
  <subfield code="z">
   United States
  </subfield>
  <subfield code="v">
   Diaries.
  </subfield>
 </datafield>
 <datafield ind1=" " ind2="7" tag="655">
  <subfield code="a">
   Oral histories.
  </subfield>
  <subfield code="2">
   lcgft
  </subfield>
 </datafield>
 <datafield ind1=" " ind2="7" tag="655">
  <subfield code="a">
   Interviews (Sound recordings)
  </subfield>
  <subfield code="2">
   lcgft
  </subfield>
 </datafield>
 <datafield ind1=" " ind2="7" tag="655">
  <subfield code="a">
   Field notes.
  </subfield>
  <subfield code="2">
   afset
  </subfield>
 </datafield>
 <datafield ind1=" " ind2="7" tag="655">
  <subfield code="a">
   Transcripts.
  </subfield>
  <subfield code="2">
   aat
  </subfield>
 </datafield>
 <datafield ind1=" " ind2="7" tag="655">
  <subfield code="a">
   Correspondence.
  </subfield>
  <subfield code="2">
   aat
  </subfield>
 </datafield>
 <datafield ind1=" " ind2="7" tag="655">
  <subfield code="a">
   Manuscripts for publication.
  </subfield>
  <subfield code="2">
   aat
  </subfield>
 </datafield>
 <datafield ind1=" " ind2="7" tag="655">
  <subfield code="a">
   Photographs.
  </subfield>
  <subfield code="2">
   aat
  </subfield>
 </datafield>
 <datafield ind1=" " ind2="7" tag="655">
  <subfield code="a">
   Diaries.
  </subfield>
  <subfield code="2">
   lcgft
  </subfield>
 </datafield>
 <datafield ind1="1" ind2=" " tag="700">
  <subfield code="a">
   Holtzberg, Maggie,
  </subfield>
  <subfield code="d">
   1955-
  </subfield>
  <subfield code="e">
   collector,
  </subfield>
  <subfield code="e">
   author,
  </subfield>
  <subfield code="e">
   interviewer.
  </subfield>
 </datafield>
 <datafield ind1="1" ind2=" " tag="700">
  <subfield code="a">
   Rosenberg, Jan,
  </subfield>
  <subfield code="d">
   1955-
  </subfield>
  <subfield code="e">
   interviewer.
  </subfield>
 </datafield>
 <datafield ind1=" " ind2=" " tag="852">
  <subfield code="a">
   Library of Congress
  </subfield>
  <subfield code="b">
   Archive of Folk Culture, American Folklife Center,
  </subfield>
  <subfield code="e">
   101 Independence Ave. S.E., Washington, DC USA 20540-4610
  </subfield>
  <subfield code="u">
   http://hdl.loc.gov/loc.afc/folklife.home
  </subfield>
 </datafield>
 <datafield ind1="4" ind2="2" tag="856">
  <subfield code="3">
   Finding aid
  </subfield>
  <subfield code="u">
   http://hdl.loc.gov/loc.afc/eadafc.af019004
  </subfield>
 </datafield>
 <datafield ind1=" " ind2=" " tag="923">
  <subfield code="a">
   Gift
  </subfield>
  <subfield code="d">
   20180119
  </subfield>
  <subfield code="n">
   338374
  </subfield>
  <subfield code="s">
   Maggie Holtzberg (gift donor)
  </subfield>
  <subfield code="x">
   Filed: Holtzberg, Maggie
  </subfield>
 </datafield>
 <datafield ind1=" " ind2=" " tag="985">
  <subfield code="a">
   afc/coll
  </subfield>
 </datafield>
 <datafield ind1=" " ind2=" " tag="985">
  <subfield code="a">
   afc/ead
  </subfield>
 </datafield>
</record>
